@inproceedings{kour2014real,
  title={Real-time segmentation of on-line handwritten arabic script},
  author={Kour, George and Saabne, Raid},
  booktitle={Frontiers in Handwriting Recognition (ICFHR), 2014 14th International Conference on},
  pages={417--422},
  year={2014},
  organization={IEEE}
}

@inproceedings{kour2014fast,
  title={Fast classification of handwritten on-line Arabic characters},
  author={Kour, George and Saabne, Raid},
  booktitle={Soft Computing and Pattern Recognition (SoCPaR), 2014 6th International Conference of},
  pages={312--318},
  year={2014},
  organization={IEEE},
  doi={10.1109/SOCPAR.2014.7008025}
}

@article{hadash2018estimate,
  title={Estimate and Replace: A Novel Approach to Integrating Deep Neural Networks with Existing Applications},
  author={Hadash, Guy and Kermany, Einat and Carmeli, Boaz and Lavi, Ofer and Kour, George and Jacovi, Alon},
  journal={arXiv preprint arXiv:1804.09028},
  year={2018}
}

@InProceedings{Fragkiadaki_2015_ICCV,
author = {Fragkiadaki, Katerina and Levine, Sergey and Felsen, Panna and Malik, Jitendra},
title = {Recurrent Network Models for Human Dynamics},
booktitle = {Proceedings of the IEEE International Conference on Computer Vision (ICCV)},
month = {December},
year = {2015}
}

@article{hofer2021sim2real,
  title={Sim2Real in robotics and automation: Applications and challenges},
  author={H{\"o}fer, Sebastian and Bekris, Kostas and Handa, Ankur and Gamboa, Juan Camilo and Mozifian, Melissa and Golemo, Florian and Atkeson, Chris and Fox, Dieter and Goldberg, Ken and Leonard, John and others},
  journal={IEEE transactions on automation science and engineering},
  volume={18},
  number={2},
  pages={398--400},
  year={2021},
  publisher={IEEE}
}

@article{arents2022smart,
  title={Smart industrial robot control trends, challenges and opportunities within manufacturing},
  author={Arents, Janis and Greitans, Modris},
  journal={Applied Sciences},
  volume={12},
  number={2},
  pages={937},
  year={2022},
  publisher={MDPI}
}

@article{zeng2020tossingbot,
  title={Tossingbot: Learning to throw arbitrary objects with residual physics},
  author={Zeng, Andy and Song, Shuran and Lee, Johnny and Rodriguez, Alberto and Funkhouser, Thomas},
  journal={IEEE Transactions on Robotics},
  volume={36},
  number={4},
  pages={1307--1319},
  year={2020},
  publisher={IEEE}
}

@online{enc_stim,
  author={LZA TK ITTEA protokoli},
  title = {reinforcement learning},
  year = 2017,
  url = {https://termini.gov.lv/kolekcijas/97/skirklis/454193},
  urldate = {2022-01-20}
}

@online{pandas_docs,
  organization={Pandas Development Team},
  title = {pandas documentation},
  url = {https://pandas.pydata.org/docs},
  urldate = {2022-05-21}
}

@online{numpy_docs,
  organization={NumPy Developers},
  title = {numpy documentation},
  url = {https://numpy.org/doc/stable},
  urldate = {2022-05-21}
}

@online{tf_docs,
  organization={Google},
  title = {TensorFlow documentation},
  url = {https://www.tensorflow.org/api_docs/python/tf},
  urldate = {2022-05-21}
}

@online{ros_org,
  organization={Open Robotics},
  title = {Robot Operating System},
  url = {https://www.ros.org},
  urldate = {2022-05-18}
}

@online{odometry,
  organization={MIT CS and AI Laboratory},
  title = {Odometry},
  url = {https://groups.csail.mit.edu/drl/courses/cs54-2001s/odometry.html},
  urldate = {2022-05-18}
}

@online{roslaunch_file,
  organization={Open Robotics},
  title = {ROS wiki -- roslaunch},
  url = {http://wiki.ros.org/roslaunch},
  urldate = {2022-05-18}
}

@online{ros_comm_patterns,
  organization={Open Robotics},
  title = {ROS wiki -- communication patterns},
  url = {http://wiki.ros.org/ROS/Patterns/Communication},
  urldate = {2022-05-18}
}

@online{hot_topic,
  author = {Maithreyan Surya},
  title = {The Decade of Artificial Intelligence},
  year = 2019,
  url = {https://towardsdatascience.com/the-decade-of-artificial-intelligence-6fcaf2fae473},
  urldate = {2022-01-14}
}

@article{nakkiran2021deep,
  title={Deep double descent: Where bigger models and more data hurt},
  author={Nakkiran, Preetum and Kaplun, Gal and Bansal, Yamini and Yang, Tristan and Barak, Boaz and Sutskever, Ilya},
  journal={Journal of Statistical Mechanics: Theory and Experiment},
  volume={2021},
  number={12},
  pages={124003},
  year={2021},
  publisher={IOP Publishing}
}

@inproceedings{yang2020lstm,
  title={Lstm and gru neural network performance comparison study: Taking yelp review dataset as an example},
  author={Yang, Shudong and Yu, Xueying and Zhou, Ying},
  booktitle={2020 International workshop on electronic communication and artificial intelligence (IWECAI)},
  pages={98--101},
  year={2020},
  organization={IEEE}
}

@article{chung2014empirical,
  title={Empirical evaluation of gated recurrent neural networks on sequence modeling},
  author={Chung, Junyoung and Gulcehre, Caglar and Cho, KyungHyun and Bengio, Yoshua},
  journal={arXiv preprint arXiv:1412.3555},
  year={2014}
}

@article{cho2014properties,
  title={On the properties of neural machine translation: Encoder-decoder approaches},
  author={Cho, Kyunghyun and Van Merri{\"e}nboer, Bart and Bahdanau, Dzmitry and Bengio, Yoshua},
  journal={arXiv preprint arXiv:1409.1259},
  year={2014}
}

@article{hochreiter1997long,
  title={Long short-term memory},
  author={Hochreiter, Sepp and Schmidhuber, J{\"u}rgen},
  journal={Neural computation},
  volume={9},
  number={8},
  pages={1735--1780},
  year={1997},
  publisher={MIT Press}
}

@article{reed2022generalist,
  title={A Generalist Agent},
  author={Reed, Scott and Zolna, Konrad and Parisotto, Emilio and Colmenarejo, Sergio Gomez and Novikov, Alexander and Barth-Maron, Gabriel and Gimenez, Mai and Sulsky, Yury and Kay, Jackie and Springenberg, Jost Tobias and others},
  journal={arXiv preprint arXiv:2205.06175},
  year={2022}
}

@online{rnn,
  organization={Stanford},
  author = {Afshine Amidi, Shervine Amidi},
  title = {Recurrent Neural Networks cheatsheet},
  url = {https://stanford.edu/~shervine/teaching/cs-230/cheatsheet-recurrent-neural-networks},
  urldate = {2022-05-18}
}

@online{autoregressor,
  organization={Penn State},
  title = {STAT 501, 14.1 -- Autoregressive Models},
  year = 2021,
  url = {https://online.stat.psu.edu/stat501/lesson/14/14.1},
  urldate = {2022-05-18}
}

@online{time_series,
  author = {Fangyi Yu},
  title = {A Thorough Guide to Time Series Analysis},
  year = 2021,
  url = {https://towardsdatascience.com/a-thorough-guide-to-time-series-analysis-5439c63bc9c5},
  urldate = {2022-05-18}
}

@online{md_repo,
  author = {Pēteris Račinskis},
  title = {Masters -- github repository},
  year = 2022,
  url = {https://github.com/peteris-racinskis/masters},
  urldate = {2022-05-11}
}

@online{md_data_repo,
  author = {Pēteris Račinskis},
  title = {Masters Data -- github repository},
  year = 2022,
  url = {https://github.com/peteris-racinskis/masters_data},
  urldate = {2022-05-11}
}

@online{motion_planning_illinois,
  organization={University of Illinois},
  author={Kris Hauser},
  title = {Robotic Systems -- Chapter 8. What is motion planning?},
  year = 2020,
  url = {http://motion.cs.illinois.edu/RoboticSystems/WhatIsMotionPlanning.html},
  urldate = {2022-05-17}
}

@online{inverse_kinematics_illinois,
  organization={University of Illinois},
  author={Kris Hauser},
  title = {Robotic Systems -- Chapter 6. Inverse Kinematics},
  year = 2020,
  url = {http://motion.cs.illinois.edu/RoboticSystems/InverseKinematics.html},
  urldate = {2022-05-17}
}

@online{kinematics_illinois,
  organization={University of Illinois},
  author={Kris Hauser},
  title = {Robotic Systems -- Chapter 5. Robot Kinematics},
  year = 2020,
  url = {http://motion.cs.illinois.edu/RoboticSystems/Kinematics.html},
  urldate = {2022-05-17}
}

@online{quaternions_illinois,
  organization={University of Illinois},
  author={Kris Hauser},
  title = {Robotic Systems -- Chapter 4. 3D Rotations},
  year = 2020,
  url = {http://motion.cs.illinois.edu/RoboticSystems/3DRotations.html},
  urldate = {2022-05-17}
}


@online{teach_pendant,
  author = {Alex Owen-Hill},
  title = {The Decade of Artificial Intelligence},
  year = 2021,
  url = {https://blog.robotiq.com/what-are-the-different-programming-methods-for-robots},
  urldate = {2022-01-16}
}

@article{mcculloch1943logical,
  title={A logical calculus of the ideas immanent in nervous activity},
  author={McCulloch, Warren S and Pitts, Walter},
  journal={The bulletin of mathematical biophysics},
  volume={5},
  number={4},
  pages={115--133},
  year={1943},
  publisher={Springer}
}

@article{linnainmaa1970representation,
  title={The representation of the cumulative rounding error of an algorithm as a Taylor expansion of the local rounding errors},
  author={Linnainmaa, Seppo},
  journal={Master's Thesis (in Finnish), Univ. Helsinki},
  pages={6--7},
  year={1970}
}

@article{fukushima1988neocognitron,
  title={Neocognitron: A hierarchical neural network capable of visual pattern recognition},
  author={Fukushima, Kunihiko},
  journal={Neural networks},
  volume={1},
  number={2},
  pages={119--130},
  year={1988},
  publisher={Elsevier}
}

@article{krizhevsky2012imagenet,
  title={Imagenet classification with deep convolutional neural networks},
  author={Krizhevsky, Alex and Sutskever, Ilya and Hinton, Geoffrey E},
  journal={Advances in neural information processing systems},
  volume={25},
  pages={1097--1105},
  year={2012}
}

@inproceedings{ross2011no,
  title={No-regret reductions for imitation learning and structured prediction},
  author={Ross, St{\'e}phane and Gordon, Geoffrey J and Bagnell, J Andrew},
  booktitle={In AISTATS},
  year={2011},
  organization={Citeseer}
}

@incollection{harib2012parallel,
  title={Parallel, serial and hybrid machine tools and robotics structures: comparative study on optimum kinematic designs},
  author={Harib, Khalifa H and Moustafa, Kamal AF and Ullah, AMM Sharif and Zenieh, Salah},
  booktitle={Serial and Parallel Robot Manipulators-Kinematics, Dynamics, Control and Optimization},
  year={2012},
  publisher={IntechOpen}
}

@article{radford2018improving,
  title={Improving language understanding by generative pre-training},
  author={Radford, Alec and Narasimhan, Karthik and Salimans, Tim and Sutskever, Ilya},
  year={2018}
}

@inproceedings{vaswani2017attention,
  title={Attention is all you need},
  author={Vaswani, Ashish and Shazeer, Noam and Parmar, Niki and Uszkoreit, Jakob and Jones, Llion and Gomez, Aidan N and Kaiser, {\L}ukasz and Polosukhin, Illia},
  booktitle={Advances in neural information processing systems},
  pages={5998--6008},
  year={2017}
}

@article{silver2016mastering,
  title={Mastering the game of Go with deep neural networks and tree search},
  author={Silver, David and Huang, Aja and Maddison, Chris J and Guez, Arthur and Sifre, Laurent and Van Den Driessche, George and Schrittwieser, Julian and Antonoglou, Ioannis and Panneershelvam, Veda and Lanctot, Marc and others},
  journal={nature},
  volume={529},
  number={7587},
  pages={484--489},
  year={2016},
  publisher={Nature Publishing Group}
}

@book{asimov2004robot,
  title={I, robot},
  author={Asimov, Isaac},
  volume={1},
  year={2004},
  publisher={Spectra}
}

@online{notation,
  author = {Beijing Academy of Artificial Intelligence},
  title = {Suggested Notation for Machine Learning},
  year = 2020,
  url = {http://ctan.math.utah.edu/ctan/tex-archive/macros/latex/contrib/mlmath/mlmath.pdf},
  urldate = {2022-01-14}
}

@article{attia2018global,
  title={Global overview of imitation learning},
  author={Attia, Alexandre and Dayan, Sharone},
  journal={arXiv preprint arXiv:1801.06503},
  year={2018}
}

@article{englert2018learning,
  title={Learning manipulation skills from a single demonstration},
  author={Englert, Peter and Toussaint, Marc},
  journal={The International Journal of Robotics Research},
  volume={37},
  number={1},
  pages={137--154},
  year={2018},
  publisher={SAGE Publications Sage UK: London, England}
}

@inbook{sutton2018reinforcement,
  title={Reinforcement learning: An introduction},
  author={Sutton, Richard S and Barto, Andrew G},
  year={2018},
  publisher={MIT press},
  pages={60-77}
}

@inproceedings{nair2018overcoming,
  title={Overcoming exploration in reinforcement learning with demonstrations},
  author={Nair, Ashvin and McGrew, Bob and Andrychowicz, Marcin and Zaremba, Wojciech and Abbeel, Pieter},
  booktitle={2018 IEEE International Conference on Robotics and Automation (ICRA)},
  pages={6292--6299},
  year={2018},
  organization={IEEE}
}

@inproceedings{muench1994robot,
  title={Robot programming by demonstration (rpd)-using machine learning and user interaction methods for the development of easy and comfortable robot programming systems},
  author={Muench, S and Kreuziger, J and Kaiser, M and Dillman, R},
  booktitle={Proceedings of the International Symposium on Industrial Robots},
  volume={25},
  pages={685--685},
  year={1994},
  organization={INTERNATIONAL FEDERATION OF ROBOTICS, \& ROBOTIC INDUSTRIES}
}

@techreport{pomerleau1989alvinn,
  title={Alvinn: An autonomous land vehicle in a neural network},
  author={Pomerleau, Dean A},
  year={1989},
  institution={CARNEGIE-MELLON UNIV PITTSBURGH PA ARTIFICIAL INTELLIGENCE AND PSYCHOLOGY~…}
}

@article{billard2008handbook,
  title={Handbook of robotics chapter 59: Robot programming by demonstration},
  author={Billard, Aude and Calinon, Sylvain and Dillmann, Ruediger and Schaal, Stefan},
  journal={Handbook of Robotics. Springer},
  year={2008}
}

@article{abb2016special,
  title={Special report: Robotics--ABB group},
  author={ABB Group and others},
  journal={ABB Review},
  year={2016}
}

@inproceedings{abbeel2004apprenticeship,
  title={Apprenticeship learning via inverse reinforcement learning},
  author={Abbeel, Pieter and Ng, Andrew Y},
  booktitle={Proceedings of the twenty-first international conference on Machine learning},
  pages={1},
  year={2004}
}

@article{schaal2003computational,
  title={Computational approaches to motor learning by imitation},
  author={Schaal, Stefan and Ijspeert, Auke and Billard, Aude},
  journal={Philosophical Transactions of the Royal Society of London. Series B: Biological Sciences},
  volume={358},
  number={1431},
  pages={537--547},
  year={2003},
  publisher={The Royal Society}
}

@inproceedings{ijspeert2002movement,
  title={Movement imitation with nonlinear dynamical systems in humanoid robots},
  author={Ijspeert, Auke Jan and Nakanishi, Jun and Schaal, Stefan},
  booktitle={Proceedings 2002 IEEE International Conference on Robotics and Automation (Cat. No. 02CH37292)},
  volume={2},
  pages={1398--1403},
  year={2002},
  organization={IEEE}
}

@article{wang2020framework,
  title={A framework of hybrid force/motion skills learning for robots},
  author={Wang, Ning and Chen, Chuize and Di Nuovo, Alessandro},
  journal={IEEE Transactions on Cognitive and Developmental Systems},
  volume={13},
  number={1},
  pages={162--170},
  year={2020},
  publisher={IEEE}
}

@article{ho2016generative,
  title={Generative adversarial imitation learning},
  author={Ho, Jonathan and Ermon, Stefano},
  journal={Advances in neural information processing systems},
  volume={29},
  pages={4565--4573},
  year={2016}
}

@article{torabi2018generative,
  title={Generative adversarial imitation from observation},
  author={Torabi, Faraz and Warnell, Garrett and Stone, Peter},
  journal={arXiv preprint arXiv:1807.06158},
  year={2018}
}

@article{torabi2018behavioral,
  title={Behavioral cloning from observation},
  author={Torabi, Faraz and Warnell, Garrett and Stone, Peter},
  journal={arXiv preprint arXiv:1805.01954},
  year={2018}
}

@techreport{rumelhart1985learning,
  title={Learning internal representations by error propagation},
  author={Rumelhart, David E and Hinton, Geoffrey E and Williams, Ronald J},
  year={1985},
  institution={California Univ San Diego La Jolla Inst for Cognitive Science}
}

@inproceedings{pastor2009learning,
  title={Learning and generalization of motor skills by learning from demonstration},
  author={Pastor, Peter and Hoffmann, Heiko and Asfour, Tamim and Schaal, Stefan},
  booktitle={2009 IEEE International Conference on Robotics and Automation},
  pages={763--768},
  year={2009},
  organization={IEEE}
}

@inproceedings{pastor2011online,
  title={Online movement adaptation based on previous sensor experiences},
  author={Pastor, Peter and Righetti, Ludovic and Kalakrishnan, Mrinal and Schaal, Stefan},
  booktitle={2011 IEEE/RSJ International Conference on Intelligent Robots and Systems},
  pages={365--371},
  year={2011},
  organization={IEEE}
}

@inproceedings{scherzinger2017forward,
  title={Forward dynamics compliance control (FDCC): A new approach to cartesian compliance for robotic manipulators},
  author={Scherzinger, Stefan and Roennau, Arne and Dillmann, R{\"u}diger},
  booktitle={2017 IEEE/RSJ International Conference on Intelligent Robots and Systems (IROS)},
  pages={4568--4575},
  year={2017},
  organization={IEEE}
}

@inproceedings{liu2018imitation,
  title={Imitation from observation: Learning to imitate behaviors from raw video via context translation},
  author={Liu, YuXuan and Gupta, Abhishek and Abbeel, Pieter and Levine, Sergey},
  booktitle={2018 IEEE International Conference on Robotics and Automation (ICRA)},
  pages={1118--1125},
  year={2018},
  organization={IEEE}
}

@inproceedings{dyrstad2018teaching,
  title={Teaching a robot to grasp real fish by imitation learning from a human supervisor in virtual reality},
  author={Dyrstad, Jonatan S and {\O}ye, Elling Ruud and Stahl, Annette and Mathiassen, John Reidar},
  booktitle={2018 IEEE/RSJ International Conference on Intelligent Robots and Systems (IROS)},
  pages={7185--7192},
  year={2018},
  organization={IEEE}
}

@inproceedings{scherzinger2019contact,
  title={Contact skill imitation learning for robot-independent assembly programming},
  author={Scherzinger, Stefan and Roennau, Arne and Dillmann, R{\"u}diger},
  booktitle={2019 IEEE/RSJ International Conference on Intelligent Robots and Systems (IROS)},
  pages={4309--4316},
  year={2019},
  organization={IEEE}
}

@article{duan2017one,
  title={One-shot imitation learning},
  author={Duan, Yan and Andrychowicz, Marcin and Stadie, Bradly C and Ho, Jonathan and Schneider, Jonas and Sutskever, Ilya and Abbeel, Pieter and Zaremba, Wojciech},
  journal={arXiv preprint arXiv:1703.07326},
  year={2017}
}

@inproceedings{hester2018deep,
  title={Deep q-learning from demonstrations},
  author={Hester, Todd and Vecerik, Matej and Pietquin, Olivier and Lanctot, Marc and Schaul, Tom and Piot, Bilal and Horgan, Dan and Quan, John and Sendonaris, Andrew and Osband, Ian and others},
  booktitle={Thirty-second AAAI conference on artificial intelligence},
  year={2018}
}

@inproceedings{brown2019extrapolating,
  title={Extrapolating beyond suboptimal demonstrations via inverse reinforcement learning from observations},
  author={Brown, Daniel and Goo, Wonjoon and Nagarajan, Prabhat and Niekum, Scott},
  booktitle={International conference on machine learning},
  pages={783--792},
  year={2019},
  organization={PMLR}
}

@inproceedings{lynch2020learning,
  title={Learning latent plans from play},
  author={Lynch, Corey and Khansari, Mohi and Xiao, Ted and Kumar, Vikash and Tompson, Jonathan and Levine, Sergey and Sermanet, Pierre},
  booktitle={Conference on Robot Learning},
  pages={1113--1132},
  year={2020},
  organization={PMLR}
}

@article{gupta2019relay,
  title={Relay policy learning: Solving long-horizon tasks via imitation and reinforcement learning},
  author={Gupta, Abhishek and Kumar, Vikash and Lynch, Corey and Levine, Sergey and Hausman, Karol},
  journal={arXiv preprint arXiv:1910.11956},
  year={2019}
}

@article{lynch2021language,
  title={Language conditioned imitation learning over unstructured data},
  author={Lynch, Corey and Sermanet, Pierre},
  journal={Proceedings of Robotics: Science and Systems. doi},
  volume={10},
  year={2021}
}

@inproceedings{pastor2011skill,
  title={Skill learning and task outcome prediction for manipulation},
  author={Pastor, Peter and Kalakrishnan, Mrinal and Chitta, Sachin and Theodorou, Evangelos and Schaal, Stefan},
  booktitle={2011 IEEE International Conference on Robotics and Automation},
  pages={3828--3834},
  year={2011},
  organization={IEEE}
}

@inproceedings{zhang2018deep,
  title={Deep imitation learning for complex manipulation tasks from virtual reality teleoperation},
  author={Zhang, Tianhao and McCarthy, Zoe and Jow, Owen and Lee, Dennis and Chen, Xi and Goldberg, Ken and Abbeel, Pieter},
  booktitle={2018 IEEE International Conference on Robotics and Automation (ICRA)},
  pages={5628--5635},
  year={2018},
  organization={IEEE}
}

@incollection{jha2017imitation,
  title={Imitation learning in industrial robots: a kinematics based trajectory generation framework},
  author={Jha, Abhishek and Chiddarwar, Shital S and Bhute, Rohini Y and Alakshendra, Veer and Nikhade, Gajanan and Khandekar, Priya M},
  booktitle={Proceedings of the Advances in Robotics},
  pages={1--6},
  year={2017}
}

@INPROCEEDINGS{vuga2013mocap,
  author={Vuga, Rok and Ogrinc, Matjaž and Gams, Andrej and Petrič, Tadej and Sugimoto, Norikazu and Ude, Aleš and Morimoto, Jun},
  booktitle={2013 IEEE International Conference on Robotics and Automation}, 
  title={Motion capture and reinforcement learning of dynamically stable humanoid movement primitives}, 
  year={2013},
  volume={},
  number={},
  pages={5284-5290},
  doi={10.1109/ICRA.2013.6631333}}


@online{GAN,
  author = {Liana Blumberga},
  title = {ĢENERATĪVO PRETINIEKU TĪKLU TEORĒTISKA IZPĒTE (kursa darba konferences stenda plakāts)},
  year = 2019,
  url = {https://www.df.lu.lv/fileadmin/user_upload/LU.LV/Apaksvietnes/Fakultates/www.df.lu.lv/Studijas/Magistrantura/Konferences_stenda_referati/2019/Blumberga_Liana.pdf},
  urldate = {2022-01-20}
}

@online{popsci,
  author = {Steve Crowe},
  title = {10 Biggest Challenges in Robotics},
  year = 2018,
  url = {https://www.therobotreport.com/10-biggest-challenges-in-robotics/},
  urldate = {2022-01-20}
}

@online{trashbot,
  author = {Andrea D. Steffen},
  title = {Robotics Takes Plastic Recycling To The Next Level},
  year = 2021,
  url = {https://www.intelligentliving.co/robotics-plastic-recycling-next-level/},
  urldate = {2022-01-20}
}


@online{keras_huber,
  organization={Google},
  title = {Tensorflow Core v2.8.0 API documentation -- Huber loss},
  year = 2022,
  url = {https://www.tensorflow.org/api_docs/python/tf/keras/losses/Huber},
  urldate = {2022-05-12}
}

@online{keras_crossentropy,
  organization={Google},
  title = {Tensorflow Core v2.8.0 API documentation -- Binary Cross-Entropy loss},
  year = 2022,
  url = {https://www.tensorflow.org/api_docs/python/tf/keras/losses/BinaryCrossentropy},
  urldate = {2022-05-12}
}


@online{tf_relu,
  organization={Google},
  title = {Tensorflow Core v2.8.0 API documentation -- ReLU activation function},
  year = 2022,
  url = {https://www.tensorflow.org/api_docs/python/tf/nn/relu},
  urldate = {2022-05-12}
}


@online{tf_img_tutorial,
  organization={Google},
  title = {Tensorflow Tutorials -- image classification},
  year = 2022,
  url = {https://www.tensorflow.org/tutorials/keras/classification?hl=en#compile_the_model},
  urldate = {2022-05-12}
}


@online{tf_ragged,
  organization={Google},
  title = {Tensorflow Core v2.8.0 API documentation -- Ragged Tensors},
  year = 2022,
  url = {https://www.tensorflow.org/guide/ragged_tensor},
  urldate = {2022-05-12}
}

@online{pearson_vector,
  author = {Matthew Brett},
  title = {Correlation and projection},
  year = 2016,
  url = {https://matthew-brett.github.io/teaching/correlation_projection.html},
  urldate = {2022-05-13}
}

@online{quat_distance,
  title = {Quaternion distance},
  AUTHOR = {Jim Belk},
  HOWPUBLISHED = {Mathematics Stack Exchange},
  URL = {https://math.stackexchange.com/q/90098}
}

@online{metrics,
  author = {Eric Weisstein},
  title = {Wolfram Math World -- Metric},
  year = 2022,
  url = {https://mathworld.wolfram.com/Metric.html},
  urldate = {2022-05-13}
}

@online{abb_rapid,
  organization={ABB},
  title = {Technical Reference Manual -- RAPID},
  url = {https://library.e.abb.com/public/688894b98123f87bc1257cc50044e809/Technical%20reference%20manual_RAPID_3HAC16581-1_revJ_en.pdf},
  urldate = {2022-05-19}
}

@online{cosine_sim,
  author = {Selva Prabhakaran},
  title = {Cosine Similarity - Understanding the math and how it works (with python codes)},
  year = 2018,
  url = {https://www.machinelearningplus.com/nlp/cosine-similarity/},
  urldate = {2022-05-13}
}

@online{no_shit,
  author = {Mathilde Frot},
  title = {5 Trends in Computer Science Research},
  year = 2021,
  url = {https://www.topuniversities.com/courses/computer-science-information-systems/5-trends-computer-science-research},
  urldate = {2022-01-21}
}

@article{huber_loss,
  author = {Peter J. Huber},
  title = {{Robust Estimation of a Location Parameter}},
  volume = {35},
  journal = {The Annals of Mathematical Statistics},
  number = {1},
  publisher = {Institute of Mathematical Statistics},
  pages = {73 -- 101},
  year = {1964},
  doi = {10.1214/aoms/1177703732},
  URL = {https://doi.org/10.1214/aoms/1177703732}
}

@article{pavllo2018quaternet,
  title={Quaternet: A quaternion-based recurrent model for human motion},
  author={Pavllo, Dario and Grangier, David and Auli, Michael},
  journal={arXiv preprint arXiv:1805.06485},
  year={2018}
}

@article{kunz2012time,
  title={Time-optimal trajectory generation for path following with bounded acceleration and velocity},
  author={Kunz, Tobias and Stilman, Mike},
  journal={Robotics: Science and Systems VIII},
  pages={1--8},
  year={2012}
}