
@online{enc_stim,
  author = {J. Grundspeņķis},
  title = {Nacionālā enciklopēdija - mākslīgais intelekts},
  year = 2021,
  url = {https://enciklopedija.lv/skirklis/24447-m%C4%81ksl%C4%ABgais-intelekts},
  urldate = {2022-01-14}
}

@online{hot_topic,
  author = {Maithreyan Surya},
  title = {The Decade of Artificial Intelligence},
  year = 2019,
  url = {https://towardsdatascience.com/the-decade-of-artificial-intelligence-6fcaf2fae473},
  urldate = {2022-01-14}
}

@online{teach_pendant,
  author = {Alex Owen-Hill},
  title = {The Decade of Artificial Intelligence},
  year = 2021,
  url = {https://blog.robotiq.com/what-are-the-different-programming-methods-for-robots},
  urldate = {2022-01-16}
}

@article{mcculloch1943logical,
  title={A logical calculus of the ideas immanent in nervous activity},
  author={McCulloch, Warren S and Pitts, Walter},
  journal={The bulletin of mathematical biophysics},
  volume={5},
  number={4},
  pages={115--133},
  year={1943},
  publisher={Springer}
}

@article{linnainmaa1970representation,
  title={The representation of the cumulative rounding error of an algorithm as a Taylor expansion of the local rounding errors},
  author={Linnainmaa, Seppo},
  journal={Master's Thesis (in Finnish), Univ. Helsinki},
  pages={6--7},
  year={1970}
}

@article{fukushima1988neocognitron,
  title={Neocognitron: A hierarchical neural network capable of visual pattern recognition},
  author={Fukushima, Kunihiko},
  journal={Neural networks},
  volume={1},
  number={2},
  pages={119--130},
  year={1988},
  publisher={Elsevier}
}

@article{krizhevsky2012imagenet,
  title={Imagenet classification with deep convolutional neural networks},
  author={Krizhevsky, Alex and Sutskever, Ilya and Hinton, Geoffrey E},
  journal={Advances in neural information processing systems},
  volume={25},
  pages={1097--1105},
  year={2012}
}

@inproceedings{ross2011no,
  title={No-regret reductions for imitation learning and structured prediction},
  author={Ross, St{\'e}phane and Gordon, Geoffrey J and Bagnell, J Andrew},
  booktitle={In AISTATS},
  year={2011},
  organization={Citeseer}
}


@inproceedings{vaswani2017attention,
  title={Attention is all you need},
  author={Vaswani, Ashish and Shazeer, Noam and Parmar, Niki and Uszkoreit, Jakob and Jones, Llion and Gomez, Aidan N and Kaiser, {\L}ukasz and Polosukhin, Illia},
  booktitle={Advances in neural information processing systems},
  pages={5998--6008},
  year={2017}
}

@article{silver2016mastering,
  title={Mastering the game of Go with deep neural networks and tree search},
  author={Silver, David and Huang, Aja and Maddison, Chris J and Guez, Arthur and Sifre, Laurent and Van Den Driessche, George and Schrittwieser, Julian and Antonoglou, Ioannis and Panneershelvam, Veda and Lanctot, Marc and others},
  journal={nature},
  volume={529},
  number={7587},
  pages={484--489},
  year={2016},
  publisher={Nature Publishing Group}
}

@book{asimov2004robot,
  title={I, robot},
  author={Asimov, Isaac},
  volume={1},
  year={2004},
  publisher={Spectra}
}

@online{notation,
  author = {Beijing Academy of Artificial Intelligence},
  title = {Suggested Notation for Machine Learning},
  year = 2020,
  url = {http://ctan.math.utah.edu/ctan/tex-archive/macros/latex/contrib/mlmath/mlmath.pdf},
  urldate = {2022-01-14}
}

@article{attia2018global,
  title={Global overview of imitation learning},
  author={Attia, Alexandre and Dayan, Sharone},
  journal={arXiv preprint arXiv:1801.06503},
  year={2018}
}

@article{englert2018learning,
  title={Learning manipulation skills from a single demonstration},
  author={Englert, Peter and Toussaint, Marc},
  journal={The International Journal of Robotics Research},
  volume={37},
  number={1},
  pages={137--154},
  year={2018},
  publisher={SAGE Publications Sage UK: London, England}
}

@article{gupta2019relay,
  title={Relay policy learning: Solving long-horizon tasks via imitation and reinforcement learning},
  author={Gupta, Abhishek and Kumar, Vikash and Lynch, Corey and Levine, Sergey and Hausman, Karol},
  journal={arXiv preprint arXiv:1910.11956},
  year={2019}
}

@inbook{sutton2018reinforcement,
  title={Reinforcement learning: An introduction},
  author={Sutton, Richard S and Barto, Andrew G},
  year={2018},
  publisher={MIT press},
  pages={60-77}
}

@inproceedings{brown2019extrapolating,
  title={Extrapolating beyond suboptimal demonstrations via inverse reinforcement learning from observations},
  author={Brown, Daniel and Goo, Wonjoon and Nagarajan, Prabhat and Niekum, Scott},
  booktitle={International conference on machine learning},
  pages={783--792},
  year={2019},
  organization={PMLR}
}

@inproceedings{nair2018overcoming,
  title={Overcoming exploration in reinforcement learning with demonstrations},
  author={Nair, Ashvin and McGrew, Bob and Andrychowicz, Marcin and Zaremba, Wojciech and Abbeel, Pieter},
  booktitle={2018 IEEE International Conference on Robotics and Automation (ICRA)},
  pages={6292--6299},
  year={2018},
  organization={IEEE}
}

@inproceedings{muench1994robot,
  title={Robot programming by demonstration (rpd)-using machine learning and user interaction methods for the development of easy and comfortable robot programming systems},
  author={Muench, S and Kreuziger, J and Kaiser, M}
}

@techreport{pomerleau1989alvinn,
  title={Alvinn: An autonomous land vehicle in a neural network},
  author={Pomerleau, Dean A},
  year={1989},
  institution={CARNEGIE-MELLON UNIV PITTSBURGH PA ARTIFICIAL INTELLIGENCE AND PSYCHOLOGY~…}
}

@article{billard2008handbook,
  title={Handbook of robotics chapter 59: Robot programming by demonstration},
  author={Billard, Aude and Calinon, Sylvain and Dillmann, Ruediger and Schaal, Stefan},
  journal={Handbook of Robotics. Springer},
  year={2008}
}

@article{abb2016special,
  title={Special report: Robotics--ABB group},
  author={ABB Group and others},
  journal={ABB Review},
  year={2016}
}

@inproceedings{abbeel2004apprenticeship,
  title={Apprenticeship learning via inverse reinforcement learning},
  author={Abbeel, Pieter and Ng, Andrew Y},
  booktitle={Proceedings of the twenty-first international conference on Machine learning},
  pages={1},
  year={2004}
}

@article{schaal2003computational,
  title={Computational approaches to motor learning by imitation},
  author={Schaal, Stefan and Ijspeert, Auke and Billard, Aude},
  journal={Philosophical Transactions of the Royal Society of London. Series B: Biological Sciences},
  volume={358},
  number={1431},
  pages={537--547},
  year={2003},
  publisher={The Royal Society}
}

@inproceedings{ijspeert2002movement,
  title={Movement imitation with nonlinear dynamical systems in humanoid robots},
  author={Ijspeert, Auke Jan and Nakanishi, Jun and Schaal, Stefan},
  booktitle={Proceedings 2002 IEEE International Conference on Robotics and Automation (Cat. No. 02CH37292)},
  volume={2},
  pages={1398--1403},
  year={2002},
  organization={IEEE}
}

@article{wang2020framework,
  title={A framework of hybrid force/motion skills learning for robots},
  author={Wang, Ning and Chen, Chuize and Di Nuovo, Alessandro},
  journal={IEEE Transactions on Cognitive and Developmental Systems},
  volume={13},
  number={1},
  pages={162--170},
  year={2020},
  publisher={IEEE}
}
